<?xml version="1.0" encoding="UTF-8"?><collection xmlns="http://www.loc.gov/MARC21/slim"><record><leader>00706nam--2200193-i-4500</leader><controlfield tag="001">000019896</controlfield><controlfield tag="002">20161230</controlfield><controlfield tag="005">20161230201033</controlfield><controlfield tag="008">060222s1000------------r-----000-0-eng-d</controlfield><datafield ind1=" " ind2=" " tag="020"><subfield code="a">0444003533</subfield></datafield><datafield ind1=" " ind2=" " tag="040"><subfield code="a">IFIN-HH</subfield></datafield><datafield ind1=" " ind2=" " tag="080"><subfield code="a">538.931(061.3)</subfield></datafield><datafield ind1="1" ind2=" " tag="100"><subfield code="a">Vashishta, P</subfield></datafield><datafield ind1="1" ind2="0" tag="245"><subfield code="a">Fast ion transport in solids. electrodes and elctrolytes</subfield><subfield code="b">Proceedings of the international conference on fast ion transport in solids, electrodes and electrolytes, lake geneva, wisconsin, usa, may 21-25, 1979</subfield><subfield code="c">P. vashishta, j.n. mundy, g.k. shenoy (eds.)</subfield></datafield><datafield ind1=" " ind2=" " tag="260"><subfield code="a">New York</subfield><subfield code="b">North-holland</subfield><subfield code="c">1979</subfield></datafield><datafield ind1=" " ind2=" " tag="306"><subfield code="a">Xxvii + 744 P</subfield></datafield><datafield ind1="1" ind2=" " tag="700"><subfield code="a">Shenoy, G.K</subfield><subfield code="e">Ed</subfield></datafield><datafield ind1=" " ind2=" " tag="852"><subfield code="a">48925</subfield><subfield code="c">539.2</subfield></datafield><datafield ind1=" " ind2=" " tag="CAT"><subfield code="a">Sys</subfield><subfield code="c">20121031</subfield><subfield code="h">165024</subfield></datafield></record></collection>